@inproceedings{srinivas2010,
author = {Srinivas, Niranjan and Krause, Andreas and Kakade, Sham and Seeger, Matthias},
booktitle = {Proc. International Conference on Machine Learning (ICML)},
file = {:C$\backslash$:/Users/Alkis/AppData/Local/Mendeley Ltd./Mendeley Desktop/Downloaded/Srinivas et al. - 2010 - Gaussian Process Optimization in the Bandit Setting No Regret and Experimental Design.3995:3995},
title = {Gaussian Process Optimization in the Bandit Setting: No Regret and Experimental Design},
year = {2010}
}
